% Encoding: UTF-8

@InProceedings{Combemale-Cregut-Pantel:2012,
  author    = {Combemale, Benoît and Crégut, Xavier and Pantel, Marc},
  booktitle = {Asia-Pacific Software Engineering Conference},
  title     = {{A Design Pattern to Build Executable DSMLs and Associated V\&V Tools}},
  year      = {2012},
  pages     = {282--287},
  owner     = {mamrani},
  timestamp = {2021-02-24},
}

@Article{J:Abouzahra-Sabraoui-Afdel:2020,
  author  = {Abouzahra, Anas and Sabraoui, Ayoub and Afdel, Karim},
  journal = {Journal of Information and Software Technology},
  title   = {{Model Composition In Model-Driven Engineering: A Systematic Literature Review}},
  year    = {2020},
  volume  = {125},
}

@TechReport{TR:OMG-MOF:2016,
  author      = {{Object Management Group}},
  institution = {{Object Management Group}},
  title       = {{Meta Object Facility (MOF) Core Specification}},
  year        = {2016},
  number      = {v2.5.1},
  url         = {{https://www.omg.org/spec/MOF}},
}

@Article{J:RiveraDuranVallecillo:2009,
  author    = {Rivera, José E. and Durán, Francisco and Vallecillo, Antonio},
  journal   = {Simulation},
  title     = {{Formal Specification and Analysis of Domain Specific Models Using Maude}},
  year      = {2009},
  number    = {11--12},
  pages     = {778--792},
  volume    = {85},
  owner     = {mamrani},
  timestamp = {2022-04-04},
}

@Book{B:Rumbaugh-Jacobson-Booch:2004,
  author    = {Rumbaugh, James and Jacobson, Ivar and Booch, Grady},
  publisher = {Pearson Higher Education},
  title     = {{The Unified Modeling Language Reference Manual}},
  year      = {2004},
  address   = {New York, NY, USA},
  owner     = {mamrani},
  timestamp = {2022-05-15},
}

@Comment{jabref-meta: databaseType:bibtex;}
